@proceedings{flexmde17,
  editor    = {Levi L\'ucio and
  				  Saad Bin Abid and
  				  Salman Rahman and
  				  Vincent Aravantinos and
  				  Ralf Kuestner and 
  				  Eduard Harwardt},
  title     = {Process-Aware Model-Driven Development Environments},
  series    = {{CEUR} Workshop Proceedings},
  volume    = {?},
  publisher = {CEUR-WS.org},
  year      = {2017},
  url       = {http://ceur-ws.org/?}
}

@techreport{,
type = {Standard},
year = {2011},
title = {{RTCA DO-178C: Software Considerations in Airborne Systems and Equipment Certification}},
}
